%%% Theoretical framework

%%%SM 
@article{PhysRevLett.19.1264,
  title = {A Model of Leptons},
  author = {Weinberg, Steven},
  journal = {Phys. Rev. Lett.},
  volume = {19},
  issue = {21},
  pages = {1264--1266},
  numpages = {0},
  year = {1967},
  month = {Nov},
  publisher = {American Physical Society},
  doi = {10.1103/PhysRevLett.19.1264},
  url = {https://link.aps.org/doi/10.1103/PhysRevLett.19.1264}
}

@article{GLASHOW1961579,
title = {Partial-symmetries of weak interactions},
journal = {Nuclear Physics},
volume = {22},
number = {4},
pages = {579-588},
year = {1961},
issn = {0029-5582},
doi = {https://doi.org/10.1016/0029-5582(61)90469-2},
url = {https://www.sciencedirect.com/science/article/pii/0029558261904692},
author = {Sheldon L. Glashow},
abstract = {Weak and electromagnetic interactions of the leptons are examined under the hypothesis that the weak interactions are mediated by vector bosons. With only an isotopic triplet of leptons coupled to a triplet of vector bosons (two charged decay-intermediaries and the photon) the theory possesses no partial-symmetries. Such symmetries may be established if additional vector bosons or additional leptons are introduced. Since the latter possibility yields a theory disagreeing with experiment, the simplest partially-symmetric model reproducing the observed electromagnetic and weak interactions of leptons requires the existence of at least four vector-boson fields (including the photon). Corresponding partially-conserved quantities suggest leptonic analogues to the conserved quantities associated with strong interactions: strangeness and isobaric spin.}
}

@article{RevModPhys.52.525,
  title = {Gauge unification of fundamental forces},
  author = {Salam, Abdus},
  journal = {Rev. Mod. Phys.},
  volume = {52},
  issue = {3},
  pages = {525--538},
  numpages = {0},
  year = {1980},
  month = {Jul},
  publisher = {American Physical Society},
  doi = {10.1103/RevModPhys.52.525},
  url = {https://link.aps.org/doi/10.1103/RevModPhys.52.525}
}

%used for indices and notation?
@book{Srednicki:2007qs,
    author = "Srednicki, M.",
    title = "{Quantum field theory}",
    isbn = "978-0-521-86449-7, 978-0-511-26720-8",
    publisher = "Cambridge University Press",
    month = "1",
    year = "2007"
}
%top discovery
@article{topsearch1995,
   title={Search for High Mass Top Quark Production inpp¯Collisions ats=1.8 TeV},
   volume={74},
   ISSN={1079-7114},
   url={http://dx.doi.org/10.1103/PhysRevLett.74.2422},
   DOI={10.1103/physrevlett.74.2422},
   number={13},
   journal={Physical Review Letters},
   publisher={American Physical Society (APS)},
   author={Abachi, S. and Abbott, B. and Abolins, M. and Acharya, B. S. and Adam, I. and Adams, D. L. and Adams, M. and Ahn, S. and Aihara, H. and Álvarez, G. and et al.},
   year={1995},
   month={Mar},
   pages={2422–2426}
}
@article{PhysRevLett.74.2626,
  title = {Observation of Top Quark Production in $\overline{\mathit{p}}\mathit{p}$ Collisions with the Collider Detector at Fermilab},
  author = {Abe, F. and Akimoto, H. and Akopian, A. and Albrow, M. G. and Amendolia, S. R. and Amidei, D. and Antos, J. and Anway-Wiese, C. and Aota, S. and Apollinari, G. and Asakawa, T. and Ashmanskas, W. and Atac, M. and Auchincloss, P. and Azfar, F. and Azzi-Bacchetta, P. and Bacchetta, N. and Badgett, W. and Bagdasarov, S. and Bailey, M. W. and Bao, J. and de Barbaro, P. and Barbaro-Galtieri, A. and Barnes, V. E. and Barnett, B. A. and Bartalini, P. and Bauer, G. and Baumann, T. and Bedeschi, F. and Behrends, S. and Belforte, S. and Bellettini, G. and Bellinger, J. and Benjamin, D. and Benlloch, J. and Bensinger, J. and Benton, D. and Beretvas, A. and Berge, J. P. and Bertolucci, S. and Bhatti, A. and Biery, K. and Binkley, M. and Bisello, D. and Blair, R. E. and Blocker, C. and Bodek, A. and Bokhari, W. and Bolognesi, V. and Bortoletto, D. and Boudreau, J. and Brandenburg, G. and Breccia, L. and Bromberg, C. and Buckley-Geer, E. and Budd, H. S. and Burkett, K. and Busetto, G. and Byon-Wagner, A. and Byrum, K. L. and Cammerata, J. and Campagnari, C. and Campbell, M. and Caner, A. and Carithers, W. and Carlsmith, D. and Castro, A. and Cauz, G. and Cen, Y. and Cervelli, F. and Chao, H. Y. and Chapman, J. and Cheng, M.-T. and Chiarelli, G. and Chikamatsu, T. and Chiou, C. N. and Christofek, L. and Cihangir, S. and Clark, A. G. and Cobal, M. and Contreras, M. and Conway, J. and Cooper, J. and Cordelli, M. and Couyoumtzelis, C. and Crane, D. and Cronin-Hennessy, D. and Culbertson, R. and Cunningham, J. D. and Daniels, T. and DeJongh, F. and Delchamps, S. and Dell'Agnello, S. and Dell'Orso, M. and Demortier, L. and Denby, B. and Deninno, M. and Derwent, P. F. and Devlin, T. and Dickson, M. and Dittmann, J. R. and Donati, S. and Drucker, R. B. and Dunn, A. and Eddy, N. and Einsweiler, K. and Elias, J. E. and Ely, R. and Engels, Jr., E. and Errede, D. and Errede, S. and Fan, Q. and Fiori, I. and Flaugher, B. and Foster, G. W. and Franklin, M. and Frautschi, M. and Freeman, J. and Friedman, J. and Frisch, H. and Fuess, T. A. and Fukui, Y. and Funaki, S. and Gagliardi, G. and Galeotti, S. and Gallinaro, M. and Garcia-Sciveres, M. and Garfinkel, A. F. and Gay, C. and Geer, S. and Gerdes, D. W. and Giannetti, P. and Giokaris, N. and Giromini, P. and Gladney, L. and Glenzinski, D. and Gold, M. and Gonzalez, J. and Gordon, A. and Goshaw, A. T. and Goulianos, K. and Grassmann, H. and Groer, L. and Grosso-Pilcher, C. and Guillian, G. and Guo, R. S. and Haber, C. and Hahn, S. R. and Hamilton, R. and Handler, R. and Hans, R. M. and Hara, K. and Harral, B. and Harris, R. M. and Hauger, S. A. and Hauser, J. and Hawk, C. and Hayashi, E. and Heinrich, J. and Hohlmann, M. and Holck, C. and Hollebeek, R. and Holloway, L. and H\"olscher, A. and Hong, S. and Houk, G. and Hu, P. and Huffman, B. T. and Hughes, R. and Huston, J. and Huth, J. and Hylen, J. and Ikeda, H. and Incagli, M. and Incandela, J. and Iwai, J. and Iwata, Y. and Jensen, H. and Joshi, U. and Kadel, R. W. and Kajfasz, E. and Kamon, T. and Kaneko, T. and Karr, K. and Kasha, H. and Kato, Y. and Keeble, L. and Kelley, K. and Kennedy, R. D. and Kephart, R. and Kesten, P. and Kestenbaum, D. and Keup, R. M. and Keutelian, H. and Keyvan, F. and Kim, B. J. and Kim, D. H. and Kim, H. S. and Kim, S. B. and Kim, S. H. and Kim, Y. K. and Kirsch, L. and Koehn, P. and Kondo, K. and Konigsberg, J. and Kopp, S. and Kordas, K. and Koska, W. and Kovacs, E. and Kowald, W. and Krasberg, M. and Kroll, J. and Kruse, M. and Kuwabara, T. and Kuhlmann, S. E. and Kuns, E. and Laasanen, A. T. and Labanca, N. and Lammel, S. and Lamoureux, J. I. and LeCompte, T. and Leone, S. and Lewis, J. D. and Limon, P. and Lindgren, M. and Liss, T. M. and Lockyer, N. and Long, O. and Loomis, C. and Loreti, M. and Lu, J. and Lucchesi, D. and Lukens, P. and Lusin, S. and Lys, J. and Maeshima, K. and Maghakian, A. and Maksimovic, P. and Mangano, M. and Mansour, J. and Mariotti, M. and Marriner, J. P. and Martin, A. and Matthews, J. A. J. and Mattingly, R. and McIntyre, P. and Melese, P. and Menzione, A. and Meschi, E. and Metzler, S. and Miao, C. and Michail, G. and Mikamo, S. and Miller, R. and Minato, H. and Miscetti, S. and Mishina, M. and Mitsushio, H. and Miyamoto, T. and Miyashita, S. and Morita, Y. and Mueller, J. and Mukherjee, A. and Muller, T. and Murat, P. and Nakada, H. and Nakano, I. and Nelson, C. and Neuberger, D. and Newman-Holmes, C. and Ninomiya, M. and Nodulman, L. and Ogawa, S. and Oh, S. H. and Ohl, K. E. and Ohmoto, T. and Ohsugi, T. and Oishi, R. and Okabe, M. and Okusawa, T. and Oliver, R. and Olsen, J. and Pagliarone, C. and Paoletti, R. and Papadimitriou, V. and Pappas, S. P. and Park, S. and Patrick, J. and Pauletta, G. and Paulini, M. and Pescara, L. and Peters, M. D. and Phillips, T. J. and Piacentino, G. and Pillai, M. and Pitts, K. T. and Plunkett, R. and Pondrom, L. and Proudfoot, J. and Ptohos, F. and Punzi, G. and Ragan, K. and Ribon, A. and Rimondi, F. and Ristori, L. and Robertson, W. J. and Rodrigo, T. and Romano, J. and Rosenson, L. and Roser, R. and Sakumoto, W. K. and Saltzberg, D. and Sansoni, A. and Santi, L. and Sato, H. and Scarpine, V. and Schlabach, P. and Schmidt, E. E. and Schmidt, M. P. and Sciacca, G. F. and Scribano, A. and Segler, S. and Seidel, S. and Seiya, Y. and Sganos, G. and Sgolacchia, A. and Shapiro, M. D. and Shaw, N. M. and Shen, Q. and Shepard, P. F. and Shimojima, M. and Shochet, M. and Siegrist, J. and Sill, A. and Sinervo, P. and Singh, P. and Skarha, J. and Sliwa, K. and Smith, D. A. and Snider, F. D. and Song, T. and Spalding, J. and Sphicas, P. and Spiegel, L. and Spies, A. and Stanco, L. and Steele, J. and Stefanini, A. and Strahl, K. and Strait, J. and Stuart, D. and Sullivan, G. and Soumarokov, A. and Sumorok, K. and Suzuki, J. and Takada, T. and Takahashi, T. and Takano, T. and Takikawa, K. and Tamura, N. and Tartarelli, F. and Taylor, W. and Teng, P. K. and Teramoto, Y. and Tether, S. and Theriot, D. and Thomas, T. L. and Thun, R. and Timko, M. and Tipton, P. and Titov, A. and Tkaczyk, S. and Toback, D. and Tollefson, K. and Tollestrup, A. and Tonnison, J. and de Troconiz, J. F. and Truitt, S. and Tseng, J. and Turini, N. and Uchida, T. and Uemura, N. and Ukegawa, F. and Unal, G. and van den Brink, S. C. and Vejcik III, S. and Velev, G. and Vidal, R. and Vondracek, M. and Vucinic, D. and Wagner, R. G. and Wagner, R. L. and Wahl, J. and Walker, R. C. and Wang, C. and Wang, C. H. and Wang, G. and Wang, J. and Wang, M. J. and Wang, Q. F. and Warburton, A. and Watts, G. and Watts, T. and Webb, R. and Wei, C. and Wendt, C. and Wenzel, H. and Wester III, W. C. and Wicklund, A. B. and Wicklund, E. and Wilkinson, R. and Williams, H. H. and Wilson, P. and Winer, B. L. and Wolinski, D. and Wolinski, J. and Wu, X. and Wyss, J. and Yagil, A. and Yao, W. and Yasuoka, K. and Ye, Y. and Yeh, G. P. and Yeh, P. and Yin, M. and Yoh, J. and Yosef, C. and Yoshida, T. and Yovanovitch, D. and Yu, I. and Yun, J. C. and Zanetti, A. and Zetti, F. and Zhang, L. and Zhang, W. and Zucchelli, S.},
  collaboration = {CDF Collaboration},
  journal = {Phys. Rev. Lett.},
  volume = {74},
  issue = {14},
  pages = {2626--2631},
  numpages = {0},
  year = {1995},
  month = {Apr},
  publisher = {American Physical Society},
  doi = {10.1103/PhysRevLett.74.2626},
  url = {https://link.aps.org/doi/10.1103/PhysRevLett.74.2626}
}
%higgs discovery
@article{ATLASHiggs2012,
   title={Observation of a new particle in the search for the Standard Model Higgs boson with the ATLAS detector at the LHC},
   volume={716},
   ISSN={0370-2693},
   url={http://dx.doi.org/10.1016/j.physletb.2012.08.020},
   DOI={10.1016/j.physletb.2012.08.020},
   number={1},
   journal={Physics Letters B},
   publisher={Elsevier BV},
   author={Aad, G. and Abajyan, T. and Abbott, B. and Abdallah, J. and Abdel Khalek, S. and Abdelalim, A.A. and Abdinov, O. and Aben, R. and Abi, B. and Abolins, M. and et al.},
   year={2012},
   month={Sep},
   pages={1–29}
}
@article{CMShiggs2012,
   title={Observation of a new boson at a mass of 125 GeV with the CMS experiment at the LHC},
   volume={716},
   ISSN={0370-2693},
   url={http://dx.doi.org/10.1016/j.physletb.2012.08.021},
   DOI={10.1016/j.physletb.2012.08.021},
   number={1},
   journal={Physics Letters B},
   publisher={Elsevier BV},
   author={Chatrchyan, S. and Khachatryan, V. and Sirunyan, A.M. and Tumasyan, A. and Adam, W. and Aguilo, E. and Bergauer, T. and Dragicevic, M. and Erö, J. and Fabjan, C. and et al.},
   year={2012},
   month={Sep},
   pages={30–61}
}
%pauli
@Article{Pauli1925,
author={Pauli, W.},
title={{\"U}ber den Zusammenhang des Abschlusses der Elektronengruppen im Atom mit der Komplexstruktur der Spektren},
journal={Zeitschrift f{\"u}r Physik},
year={1925},
month={Feb},
day={01},
volume={31},
number={1},
pages={765-783},
issn={0044-3328},
doi={10.1007/BF02980631},
url={https://doi.org/10.1007/BF02980631}
}
%pdg
@article{pdg,
    author = "Zyla, P.A. and others",
    collaboration = "Particle Data Group",
    title = "{Review of Particle Physics}",
    doi = "10.1093/ptep/ptaa104",
    journal = "PTEP",
    volume = "2020",
    number = "8",
    pages = "083C01",
    year = "2020"
}

@article{Noether,
author = { Emmy   Noether },
title = {Invariant variation problems},
journal = {Transport Theory and Statistical Physics},
volume = {1},
number = {3},
pages = {186-207},
year  = {1971},
publisher = {Taylor & Francis},
doi = {10.1080/00411457108231446},

URL = { 
        https://doi.org/10.1080/00411457108231446
    
},
eprint = { 
        https://doi.org/10.1080/00411457108231446
    
}

}

@article{YangMills,
  title = {Conservation of Isotopic Spin and Isotopic Gauge Invariance},
  author = {Yang, C. N. and Mills, R. L.},
  journal = {Phys. Rev.},
  volume = {96},
  issue = {1},
  pages = {191--195},
  numpages = {0},
  year = {1954},
  month = {Oct},
  publisher = {American Physical Society},
  doi = {10.1103/PhysRev.96.191},
  url = {https://link.aps.org/doi/10.1103/PhysRev.96.191}
}

@article{QCD,
title = {Advantages of the color octet gluon picture},
journal = {Physics Letters B},
volume = {47},
number = {4},
pages = {365-368},
year = {1973},
issn = {0370-2693},
doi = {https://doi.org/10.1016/0370-2693(73)90625-4},
url = {https://www.sciencedirect.com/science/article/pii/0370269373906254},
author = {H. Fritzsch and M. Gell-Mann and H. Leutwyler},
abstract = {It is pointed out that there are several advantages in abstracting properties of hadrons and their currents from a Yang-Mills gauge model based on colored quarks and color octet gluons.}
}
%QCD freedom and confinement
@article{PhysRevLett.30.1346,
  title = {Reliable Perturbative Results for Strong Interactions?},
  author = {Politzer, H. David},
  journal = {Phys. Rev. Lett.},
  volume = {30},
  issue = {26},
  pages = {1346--1349},
  numpages = {0},
  year = {1973},
  month = {Jun},
  publisher = {American Physical Society},
  doi = {10.1103/PhysRevLett.30.1346},
  url = {https://link.aps.org/doi/10.1103/PhysRevLett.30.1346}
}

@article{PhysRevLett.30.1343,
  title = {Ultraviolet Behavior of Non-Abelian Gauge Theories},
  author = {Gross, David J. and Wilczek, Frank},
  journal = {Phys. Rev. Lett.},
  volume = {30},
  issue = {26},
  pages = {1343--1346},
  numpages = {0},
  year = {1973},
  month = {Jun},
  publisher = {American Physical Society},
  doi = {10.1103/PhysRevLett.30.1343},
  url = {https://link.aps.org/doi/10.1103/PhysRevLett.30.1343}
}

@article{GellMann,
  title = {Symmetries of Baryons and Mesons},
  author = {Gell-Mann, Murray},
  journal = {Phys. Rev.},
  volume = {125},
  issue = {3},
  pages = {1067--1084},
  numpages = {0},
  year = {1962},
  month = {Feb},
  publisher = {American Physical Society},
  doi = {10.1103/PhysRev.125.1067},
  url = {https://link.aps.org/doi/10.1103/PhysRev.125.1067}
}

@article{GLASHOW1961579,
title = {Partial-symmetries of weak interactions},
journal = {Nuclear Physics},
volume = {22},
number = {4},
pages = {579-588},
year = {1961},
issn = {0029-5582},
doi = {https://doi.org/10.1016/0029-5582(61)90469-2},
url = {https://www.sciencedirect.com/science/article/pii/0029558261904692},
author = {Sheldon L. Glashow},
abstract = {Weak and electromagnetic interactions of the leptons are examined under the hypothesis that the weak interactions are mediated by vector bosons. With only an isotopic triplet of leptons coupled to a triplet of vector bosons (two charged decay-intermediaries and the photon) the theory possesses no partial-symmetries. Such symmetries may be established if additional vector bosons or additional leptons are introduced. Since the latter possibility yields a theory disagreeing with experiment, the simplest partially-symmetric model reproducing the observed electromagnetic and weak interactions of leptons requires the existence of at least four vector-boson fields (including the photon). Corresponding partially-conserved quantities suggest leptonic analogues to the conserved quantities associated with strong interactions: strangeness and isobaric spin.}
}

@article{Salam:1968rm,
    author = "Salam, Abdus",
    title = "{Weak and Electromagnetic Interactions}",
    doi = "10.1142/9789812795915_0034",
    journal = "Conf. Proc. C",
    volume = "680519",
    pages = "367--377",
    year = "1968"
}

@article{Lee,
  title = {Question of Parity Conservation in Weak Interactions},
  author = {Lee, T. D. and Yang, C. N.},
  journal = {Phys. Rev.},
  volume = {104},
  issue = {1},
  pages = {254--258},
  numpages = {0},
  year = {1956},
  month = {Oct},
  publisher = {American Physical Society},
  doi = {10.1103/PhysRev.104.254},
  url = {https://link.aps.org/doi/10.1103/PhysRev.104.254}
}

@article{Wu,
  title = {Experimental Test of Parity Conservation in Beta Decay},
  author = {Wu, C. S. and Ambler, E. and Hayward, R. W. and Hoppes, D. D. and Hudson, R. P.},
  journal = {Phys. Rev.},
  volume = {105},
  issue = {4},
  pages = {1413--1415},
  numpages = {0},
  year = {1957},
  month = {Feb},
  publisher = {American Physical Society},
  doi = {10.1103/PhysRev.105.1413},
  url = {https://link.aps.org/doi/10.1103/PhysRev.105.1413}
}

@article{Higgs1,
  title = {Broken Symmetries and the Masses of Gauge Bosons},
  author = {Higgs, Peter W.},
  journal = {Phys. Rev. Lett.},
  volume = {13},
  issue = {16},
  pages = {508--509},
  numpages = {0},
  year = {1964},
  month = {Oct},
  publisher = {American Physical Society},
  doi = {10.1103/PhysRevLett.13.508},
  url = {https://link.aps.org/doi/10.1103/PhysRevLett.13.508}
}

@article{Higgs2,
title = {Broken symmetries, massless particles and gauge fields},
journal = {Physics Letters},
volume = {12},
number = {2},
pages = {132-133},
year = {1964},
issn = {0031-9163},
doi = {https://doi.org/10.1016/0031-9163(64)91136-9},
url = {https://www.sciencedirect.com/science/article/pii/0031916364911369},
author = {P.W. Higgs}
}


@article{Englert,
  title = {Broken Symmetry and the Mass of Gauge Vector Mesons},
  author = {Englert, F. and Brout, R.},
  journal = {Phys. Rev. Lett.},
  volume = {13},
  issue = {9},
  pages = {321--323},
  numpages = {0},
  year = {1964},
  month = {Aug},
  publisher = {American Physical Society},
  doi = {10.1103/PhysRevLett.13.321},
  url = {https://link.aps.org/doi/10.1103/PhysRevLett.13.321}
}



@article{yukawa,
    author = {Yukawa, Hideki},
    title = "{On the Interaction of Elementary Particles. I}",
    journal = {Progress of Theoretical Physics Supplement},
    volume = {1},
    pages = {1-10},
    year = {1955},
    month = {01},
    issn = {0375-9687},
    doi = {10.1143/PTPS.1.1},
    url = {https://doi.org/10.1143/PTPS.1.1},
    eprint = {https://academic.oup.com/ptps/article-pdf/doi/10.1143/PTPS.1.1/5310694/1-1.pdf},
}


@article{PhysRevLett.10.531,
  title = {Unitary Symmetry and Leptonic Decays},
  author = {Cabibbo, Nicola},
  journal = {Phys. Rev. Lett.},
  volume = {10},
  issue = {12},
  pages = {531--533},
  numpages = {0},
  year = {1963},
  month = {Jun},
  publisher = {American Physical Society},
  doi = {10.1103/PhysRevLett.10.531},
  url = {https://link.aps.org/doi/10.1103/PhysRevLett.10.531}
}

@article{KobayaMaska,
    author = "Kobayashi, Makoto and Maskawa, Toshihide",
    title = "{CP Violation in the Renormalizable Theory of Weak Interaction}",
    reportNumber = "KUNS-242",
    doi = "10.1143/PTP.49.652",
    journal = "Prog. Theor. Phys.",
    volume = "49",
    pages = "652--657",
    year = "1973"
}

@article{Ling-Lie,
  title = {Comments on the Parametrization of the Kobayashi-Maskawa Matrix},
  author = {Chau, Ling-Lie and Keung, Wai-Yee},
  journal = {Phys. Rev. Lett.},
  volume = {53},
  issue = {19},
  pages = {1802--1805},
  numpages = {0},
  year = {1984},
  month = {Nov},
  publisher = {American Physical Society},
  doi = {10.1103/PhysRevLett.53.1802},
  url = {https://link.aps.org/doi/10.1103/PhysRevLett.53.1802}
}

@article{neutrinoosc,
   title={Atmospheric neutrino oscillation analysis with external constraints in Super-Kamiokande I-IV},
   volume={97},
   ISSN={2470-0029},
   url={http://dx.doi.org/10.1103/PhysRevD.97.072001},
   DOI={10.1103/physrevd.97.072001},
   number={7},
   journal={Physical Review D},
   publisher={American Physical Society (APS)},
   author={Abe, K. and Bronner, C. and Haga, Y. and Hayato, Y. and Ikeda, M. and Iyogi, K. and Kameda, J. and Kato, Y. and Kishimoto, Y. and Marti, Ll. and et al.},
   year={2018},
   month={Apr}
}
